@article{Example,
author = {T Devlin},
doi = {10.1023/A:1022120928602},
issn = {02692821},
journal = {Artificial Intelligence Review},
keywords = {Agents,Altruism,Cooperation,Economics,Evolution,Games,Simulation},
number = {1},
pages = {3--92},
title = {{Agent-based simulation in the study of social dilemmas}},
volume = {19},
year = {2003}
}